@misc{odoo,
  title = {Odoo},
  author = {{Fabien Pinckaers}},
  year = {2005},
  url = {https://www.odoo.com/},
  note = {Odoo to belgijski pakiet narzędzi do zarządzania biznesem, który obejmuje zarządzanie relacjami z klientami (CRM), e-commerce, fakturowanie, księgowość, produkcję, magazynowanie, zarządzanie projektami oraz zarządzanie zapasami.},
}

@misc{bizagi,
  title = {Bizagi},
  author = {{Bizagi}},
  year = {1989},
  url = {https://www.bizagi.com/},
  note = {Bizagi to prywatna firma programistyczna założona w 1989 roku z siedzibą główną w USA oraz biurami w Wielkiej Brytanii, Hiszpanii, Niemczech i Ameryce Łacińskiej. Nazwa firmy jest połączeniem słów "business" i "agility" (biznes i zwinność)},
}

@misc{ampl,
  title = {AMPL},
  author = {{AMPL Optimization, Inc.}},
  year = {2024},
  url = {https://ampl.com/},
  note = {AMPL (A Mathematical Programming Language) to język programowania służący do opisywania i rozwiązywania problemów optymalizacyjnych. Jest szeroko stosowany w badaniach operacyjnych i analizach decyzyjnych.},
}

@misc{glpk,
  title = {GNU MathProg},
  author = {{GNU Project}},
  year = {2024},
  url = {https://cocoto.github.io/glpk-online/},
  note = {GNU MathProg to podzbiór języka AMPL, używany do opisywania modeli optymalizacyjnych. Jest częścią projektu GNU i umożliwia testowanie modeli optymalizacyjnych online.},
}

@misc{latex,
  title = {LaTeX},
  author = {{Leslie Lamport}},
  year = {1984},
  url = {https://www.latex-project.org/},
  note = {LaTeX to system składu tekstu używany do przygotowywania dokumentów naukowych i technicznych. Umożliwia precyzyjne formatowanie i automatyzację wielu aspektów tworzenia dokumentów.},
}